%YAML 1.1
%TAG !u! tag:unity3d.com,2011:
--- !u!1 &4298805082381519522
GameObject:
  m_ObjectHideFlags: 0
  m_CorrespondingSourceObject: {fileID: 0}
  m_PrefabInstance: {fileID: 0}
  m_PrefabAsset: {fileID: 0}
  serializedVersion: 6
  m_Component:
  - component: {fileID: 4298805082381519544}
  - component: {fileID: 4298805082381519545}
  - component: {fileID: 4298805082381519550}
  - component: {fileID: 4298805082381519551}
  - component: {fileID: 4298805082381519548}
  - component: {fileID: 4298805082381519549}
  - component: {fileID: 6402085941657183966}
  m_Layer: 0
  m_Name: RHand
  m_TagString: Untagged
  m_Icon: {fileID: 0}
  m_NavMeshLayer: 0
  m_StaticEditorFlags: 0
  m_IsActive: 1
--- !u!4 &4298805082381519544
Transform:
  m_ObjectHideFlags: 0
  m_CorrespondingSourceObject: {fileID: 0}
  m_PrefabInstance: {fileID: 0}
  m_PrefabAsset: {fileID: 0}
  m_GameObject: {fileID: 4298805082381519522}
  m_LocalRotation: {x: 0, y: 0, z: 0, w: 1}
  m_LocalPosition: {x: 0, y: 0, z: 0}
  m_LocalScale: {x: 1, y: 1, z: 1}
  m_Children:
  - {fileID: 4848939740466406334}
  m_Father: {fileID: 0}
  m_RootOrder: 0
  m_LocalEulerAnglesHint: {x: 0, y: 0, z: 0}
--- !u!33 &4298805082381519545
MeshFilter:
  m_ObjectHideFlags: 0
  m_CorrespondingSourceObject: {fileID: 0}
  m_PrefabInstance: {fileID: 0}
  m_PrefabAsset: {fileID: 0}
  m_GameObject: {fileID: 4298805082381519522}
  m_Mesh: {fileID: 4300000, guid: 37ba10a26a648144fa2390c8adfb2c8a, type: 3}
--- !u!23 &4298805082381519550
MeshRenderer:
  m_ObjectHideFlags: 0
  m_CorrespondingSourceObject: {fileID: 0}
  m_PrefabInstance: {fileID: 0}
  m_PrefabAsset: {fileID: 0}
  m_GameObject: {fileID: 4298805082381519522}
  m_Enabled: 1
  m_CastShadows: 1
  m_ReceiveShadows: 1
  m_DynamicOccludee: 1
  m_MotionVectors: 1
  m_LightProbeUsage: 1
  m_ReflectionProbeUsage: 1
  m_RayTracingMode: 2
  m_RayTraceProcedural: 0
  m_RenderingLayerMask: 1
  m_RendererPriority: 0
  m_Materials:
  - {fileID: 10303, guid: 0000000000000000f000000000000000, type: 0}
  m_StaticBatchInfo:
    firstSubMesh: 0
    subMeshCount: 0
  m_StaticBatchRoot: {fileID: 0}
  m_ProbeAnchor: {fileID: 0}
  m_LightProbeVolumeOverride: {fileID: 0}
  m_ScaleInLightmap: 1
  m_ReceiveGI: 1
  m_PreserveUVs: 0
  m_IgnoreNormalsForChartDetection: 0
  m_ImportantGI: 0
  m_StitchLightmapSeams: 1
  m_SelectedEditorRenderState: 3
  m_MinimumChartSize: 4
  m_AutoUVMaxDistance: 0.5
  m_AutoUVMaxAngle: 89
  m_LightmapParameters: {fileID: 0}
  m_SortingLayerID: 0
  m_SortingLayer: 0
  m_SortingOrder: 0
  m_AdditionalVertexStreams: {fileID: 0}
--- !u!65 &4298805082381519551
BoxCollider:
  m_ObjectHideFlags: 0
  m_CorrespondingSourceObject: {fileID: 0}
  m_PrefabInstance: {fileID: 0}
  m_PrefabAsset: {fileID: 0}
  m_GameObject: {fileID: 4298805082381519522}
  m_Material: {fileID: 13400000, guid: 0906dcc30610d544a962452175f5b5e4, type: 2}
  m_IsTrigger: 0
  m_Enabled: 1
  serializedVersion: 2
  m_Size: {x: 0.09055352, y: 0.13297233, z: 0.10744202}
  m_Center: {x: 0.009499999, y: -0.0011095554, z: -0.017706068}
--- !u!114 &4298805082381519548
MonoBehaviour:
  m_ObjectHideFlags: 0
  m_CorrespondingSourceObject: {fileID: 0}
  m_PrefabInstance: {fileID: 0}
  m_PrefabAsset: {fileID: 0}
  m_GameObject: {fileID: 4298805082381519522}
  m_Enabled: 1
  m_EditorHideFlags: 0
  m_Script: {fileID: 11500000, guid: 5a2a9c34df4095f47b9ca8f975175f5b, type: 3}
  m_Name: 
  m_EditorClassIdentifier: 
  m_Device: 1
  m_PoseSource: 5
  m_PoseProviderComponent: {fileID: 0}
  m_TrackingType: 0
  m_UpdateType: 0
  m_UseRelativeTransform: 0
--- !u!54 &4298805082381519549
Rigidbody:
  m_ObjectHideFlags: 0
  m_CorrespondingSourceObject: {fileID: 0}
  m_PrefabInstance: {fileID: 0}
  m_PrefabAsset: {fileID: 0}
  m_GameObject: {fileID: 4298805082381519522}
  serializedVersion: 2
  m_Mass: 1
  m_Drag: 0
  m_AngularDrag: 0
  m_UseGravity: 0
  m_IsKinematic: 1
  m_Interpolate: 1
  m_Constraints: 0
  m_CollisionDetection: 3
--- !u!114 &6402085941657183966
MonoBehaviour:
  m_ObjectHideFlags: 0
  m_CorrespondingSourceObject: {fileID: 0}
  m_PrefabInstance: {fileID: 0}
  m_PrefabAsset: {fileID: 0}
  m_GameObject: {fileID: 4298805082381519522}
  m_Enabled: 1
  m_EditorHideFlags: 0
  m_Script: {fileID: 11500000, guid: 86a8eef191ea74f45b8eebf6a3069a96, type: 3}
  m_Name: 
  m_EditorClassIdentifier: 
  contactPointPrefab: {fileID: 7653307067660515005, guid: 09c32befbacbc9a4fa9f0ee33fca2aa2, type: 3}
  maxSeparationDistance: 0
--- !u!1001 &4473090543241398668
PrefabInstance:
  m_ObjectHideFlags: 0
  serializedVersion: 2
  m_Modification:
    m_TransformParent: {fileID: 4298805082381519544}
    m_Modifications:
    - target: {fileID: 9032383733962271282, guid: 0d8123b322d9ce147be653bf9c6e8c84, type: 3}
      propertyPath: m_LocalPosition.x
      value: 0
      objectReference: {fileID: 0}
    - target: {fileID: 9032383733962271282, guid: 0d8123b322d9ce147be653bf9c6e8c84, type: 3}
      propertyPath: m_LocalPosition.y
      value: 0.0691
      objectReference: {fileID: 0}
    - target: {fileID: 9032383733962271282, guid: 0d8123b322d9ce147be653bf9c6e8c84, type: 3}
      propertyPath: m_LocalPosition.z
      value: 0.0619
      objectReference: {fileID: 0}
    - target: {fileID: 9032383733962271282, guid: 0d8123b322d9ce147be653bf9c6e8c84, type: 3}
      propertyPath: m_LocalRotation.x
      value: -0.3420201
      objectReference: {fileID: 0}
    - target: {fileID: 9032383733962271282, guid: 0d8123b322d9ce147be653bf9c6e8c84, type: 3}
      propertyPath: m_LocalRotation.y
      value: 0
      objectReference: {fileID: 0}
    - target: {fileID: 9032383733962271282, guid: 0d8123b322d9ce147be653bf9c6e8c84, type: 3}
      propertyPath: m_LocalRotation.z
      value: 0
      objectReference: {fileID: 0}
    - target: {fileID: 9032383733962271282, guid: 0d8123b322d9ce147be653bf9c6e8c84, type: 3}
      propertyPath: m_LocalRotation.w
      value: 0.9396927
      objectReference: {fileID: 0}
    - target: {fileID: 9032383733962271282, guid: 0d8123b322d9ce147be653bf9c6e8c84, type: 3}
      propertyPath: m_RootOrder
      value: 0
      objectReference: {fileID: 0}
    - target: {fileID: 9032383733962271282, guid: 0d8123b322d9ce147be653bf9c6e8c84, type: 3}
      propertyPath: m_LocalEulerAnglesHint.x
      value: -40
      objectReference: {fileID: 0}
    - target: {fileID: 9032383733962271282, guid: 0d8123b322d9ce147be653bf9c6e8c84, type: 3}
      propertyPath: m_LocalEulerAnglesHint.y
      value: 0
      objectReference: {fileID: 0}
    - target: {fileID: 9032383733962271282, guid: 0d8123b322d9ce147be653bf9c6e8c84, type: 3}
      propertyPath: m_LocalEulerAnglesHint.z
      value: 0
      objectReference: {fileID: 0}
    - target: {fileID: 9032383733962271292, guid: 0d8123b322d9ce147be653bf9c6e8c84, type: 3}
      propertyPath: m_Name
      value: ocBox
      objectReference: {fileID: 0}
    m_RemovedComponents: []
  m_SourcePrefab: {fileID: 100100000, guid: 0d8123b322d9ce147be653bf9c6e8c84, type: 3}
--- !u!4 &4848939740466406334 stripped
Transform:
  m_CorrespondingSourceObject: {fileID: 9032383733962271282, guid: 0d8123b322d9ce147be653bf9c6e8c84, type: 3}
  m_PrefabInstance: {fileID: 4473090543241398668}
  m_PrefabAsset: {fileID: 0}
